@misc{bib:concurrent1,
author = {吉岡信和},
title = {設計モデル検証（応用編）―第一回:並行分散システムの設計の難しさ―},
howpublished = {\url{http://files.topse.jp/pdf/sample/mc2_index.pdf}},
note = {(Accessed on 2022/02/09)}
}

@misc{bib:concurrent2,
author = {タオベアーズ合同会社 のなかあきら},
title = {SPINによるモデル検査(1)},
howpublished = {\url{http://swest.toppers.jp/SWEST10/minutes/S2-a-material-nonaka.pdf}},
note = {(Accessed on 2022/02/09)}
}

@misc{bib:concurrent3,
author = {Peter Palfrader},
title = {Mini Project: Dining Philosophers},
howpublished = {\url{https://www.palfrader.org/research/misc/2010-dining-philosophers.pdf}},
note = {(Accessed on 2022/02/09)}
}
